@book{introES,
    author = {Alberto Brandolini},
    title = {Introducing Event Storming},
    date = {26.08.2021},
}
